<record><leader>00000cas a22000007a 4500</leader><controlfield tag="001">22885563</controlfield><controlfield tag="008">901221d19871988mauwr ne      0    0eng d</controlfield><datafield ind1=" " ind2=" " tag="010"><subfield code="a">sn 89063414 </subfield></datafield><datafield ind1=" " ind2=" " tag="040"><subfield code="a">MGN</subfield><subfield code="b">eng</subfield><subfield code="c">MGN</subfield><subfield code="d">OCLCQ</subfield></datafield><datafield ind1=" " ind2=" " tag="042"><subfield code="a">msc</subfield></datafield><datafield ind1="0" ind2=" " tag="130"><subfield code="a">Merrimack Valley advertiser (Tewksbury, Mass. : Westford ed.)</subfield></datafield><datafield ind1="1" ind2="0" tag="245"><subfield code="a">Merrimack Valley advertiser.</subfield></datafield><datafield ind1=" " ind2=" " tag="250"><subfield code="a">Westford ed.</subfield></datafield><datafield ind1=" " ind2=" " tag="260"><subfield code="a">Tewksbury, Mass. :</subfield><subfield code="b">Merrimack Valley Advertiser Inc.</subfield></datafield><datafield ind1=" " ind2=" " tag="300"><subfield code="a">v.</subfield></datafield><datafield ind1=" " ind2=" " tag="310"><subfield code="a">Weekly</subfield></datafield><datafield ind1="0" ind2=" " tag="362"><subfield code="a">Vol. 4, no. 33 (Aug. 19, 1987)-v. 5, no. 20 (May 18, 1988).</subfield></datafield><datafield ind1=" " ind2=" " tag="500"><subfield code="a">Coverage varies: Westford, Tyngsborough and Lowell, Aug. 26, 1987-May 4, 1988; Westford and Tyngsborough, May 11-18, 1988.</subfield></datafield><datafield ind1=" " ind2=" " tag="752"><subfield code="a">United States</subfield><subfield code="b">Massachusetts</subfield><subfield code="c">Middlesex</subfield><subfield code="d">Tewksbury.</subfield></datafield><datafield ind1=" " ind2=" " tag="752"><subfield code="a">United States</subfield><subfield code="b">Massachusetts</subfield><subfield code="c">Middlesex</subfield><subfield code="d">Westford.</subfield></datafield><datafield ind1=" " ind2=" " tag="752"><subfield code="a">United States</subfield><subfield code="b">Massachusetts</subfield><subfield code="c">Middlesex</subfield><subfield code="d">Lowell.</subfield></datafield><datafield ind1=" " ind2=" " tag="752"><subfield code="a">United States</subfield><subfield code="b">Massachusetts</subfield><subfield code="c">Middlesex</subfield><subfield code="d">Tyngsborough.</subfield></datafield><datafield ind1="0" ind2=" " tag="775"><subfield code="t">Merrimack Valley advertiser (Tewksbury, Mass.)</subfield><subfield code="w">(DLC)sn 89063376</subfield></datafield><datafield ind1="0" ind2=" " tag="775"><subfield code="t">Merrimack Valley advertiser (Tewksbury, Mass. : Billerica ed.)</subfield><subfield code="w">(DLC)sn 89063377</subfield></datafield><datafield ind1="0" ind2=" " tag="775"><subfield code="t">Merrimack Valley advertiser (Tewksbury, Mass. : Chelmsford Lowell ed.)</subfield><subfield code="w">(DLC)sn 89063413</subfield></datafield></record>